<?xml version="1.0" encoding="UTF-8"?><collection xmlns="http://www.loc.gov/MARC21/slim"><record><leader>00398nam--2200157-i-4500</leader><controlfield tag="001">000024994</controlfield><controlfield tag="002">20161230</controlfield><controlfield tag="005">20170122001312</controlfield><controlfield tag="008">060222s1000------------r-----000-0-eng-d</controlfield><datafield ind1=" " ind2=" " tag="080"><subfield code="a">061.62(44):001.891:539</subfield></datafield><datafield ind1=" " ind2=" " tag="245"><subfield code="a">Nuclear physics at Ganil. A compilation 1992-1993</subfield></datafield><datafield ind1=" " ind2=" " tag="260"><subfield code="a">Ganil</subfield><subfield code="c">1992-1993</subfield></datafield><datafield ind1=" " ind2=" " tag="300"><subfield code="a">264 p</subfield></datafield><datafield ind1=" " ind2=" " tag="700"><subfield code="a">Bex, Monique</subfield></datafield><datafield ind1=" " ind2=" " tag="852"><subfield code="a">80122</subfield></datafield><datafield ind1=" " ind2=" " tag="CAT"><subfield code="a">SYS</subfield><subfield code="c">20170122</subfield><subfield code="h">001312</subfield></datafield></record></collection>